@book{baumgartner:2002,
	title = {E-Learning Praxishandbuch : Auswahl von Lernplattformen; Marktübersicht, Funktionen, Fachbegriffe},
	author = {Baumgartner, Peter and Häfele, Hartmut and Maier-Häfele, Kornelia},
	address = {Innsbruck},
	publisher = {StudienVerl.},
	year = {2002},
	isbn = {3-7065-1771-X}
}

@TechReport{dreyfus:1980,
	author = {Stuard E. Dreyfus and Hubert L. Dreyfus},
	title = {A Five-Stage Model Of The Mental Activities Involved In Directed Skill Acquisition},
	institution = {University of California, Berkley},
	year = {1980},
	url = {http://www.dtic.mil/cgi-bin/GetTRDoc?AD=ADA084551&Location=U2&doc=GetTRDoc.pdf},
}

@Online{fsf:2007,
	author = {{Free Software Foundation}},
	title = {{GNU AFFERO GENERAL PUBLIC LICENSE}},
	url = {http://www.gnu.org/licenses/agpl-3.0.de.html},
	year = {2007}
}

@Unpublished{mustermann:2012,
	author = {Max Mustermann},
	title = {tolles Musterthema},
	year = {2012},
	address = {Musterstadt},
	note = {Studienarbeit}
}


%%%%%%%%%%%%%%%%%%%%%%%%%%%%%%%%%%%%%%%%%%%%%%%%%%5

@book{bell_2014,
title={Introducing GitHub: A Non-Technical Guide},
publisher={O'Reilly Media, Inc.},
author={Bell, Peter},
year={2014},
pages={1-6}
}

@book{preissel_stachmann_2017,
title={Git},
publisher={dpunkt.verlag},
author={Preißel, René and Stachmann, Bjørn},
year={2017}
}

@misc{what_is_a_raspberry_pi?_2019,
url={https://www.raspberrypi.org/help/what-is-a-raspberry-pi/},
journal={Raspberry Pi},
author={Raspberry Pi},
year={2019}
},

@book{kurniawan_2016,
place={Berlin},
title={Getting Started with Raspberry Pi 3},
publisher={PE Press},
author={Kurniawan, Agus},
year={2016}
},

@book{raspberry_pi_2019,
title={Raspberry Pi 3 Model B},
url={https://www.raspberrypi.org/homepage-9df4b/static/2efe82d07c653f3f638c0cbf54346b5d/bc3a8/67d8fcc5b2796665a45f61a2e8a5bb7f10cdd3f5_raspberry-pi-3-1-1619x1080.jpg},
author={Raspberry Pi},
year={2019}
}

@misc{documentation_the_go_programming_language_2019,
title={Documentation - The Go Programming Language},
url={https://golang.org/doc/},
journal={Golang.org},
year={2019}
},

@book{donovan_kernighan_2016,
place={New York},
title={The Go programming language},
publisher={Addison-Wesley},
author={Donovan, Alan A. A and Kernighan, Brian W},
year={2016}
},

@book{feike_blass_2012,
title={Programmierung in Google Go},
publisher={Pearson Deutschland GmbH},
author={Feike, Rainer and Blass, Steffen},
year={2012},
pages={Kapitel 1}
}